<record><leader>00000cas a2200000 a 4500</leader><controlfield tag="001">13592064</controlfield><controlfield tag="008">860520d18311838pauwr ne      0    0eng c</controlfield><datafield ind1=" " ind2=" " tag="010"><subfield code="a">sn 86081790 </subfield></datafield><datafield ind1=" " ind2=" " tag="040"><subfield code="a">NPH</subfield><subfield code="b">eng</subfield><subfield code="c">NPH</subfield><subfield code="d">NPX</subfield><subfield code="d">NPH</subfield><subfield code="d">OCL</subfield><subfield code="d">OCLCQ</subfield><subfield code="d">NVF</subfield><subfield code="d">OCLCQ</subfield><subfield code="d">OCLCF</subfield><subfield code="d">OCLCO</subfield></datafield><datafield ind1=" " ind2=" " tag="019"><subfield code="a">14286417</subfield></datafield><datafield ind1="1" ind2=" " tag="029"><subfield code="a">AU@</subfield><subfield code="b">000020431286</subfield></datafield><datafield ind1=" " ind2=" " tag="042"><subfield code="a">pcc</subfield></datafield><datafield ind1=" " ind2=" " tag="043"><subfield code="a">n-us-pa</subfield></datafield><datafield ind1="0" ind2=" " tag="130"><subfield code="a">Independent volunteer (Montrose, Pa. : 1831)</subfield></datafield><datafield ind1="1" ind2="4" tag="245"><subfield code="a">The independent volunteer.</subfield></datafield><datafield ind1="1" ind2=" " tag="246"><subfield code="i">Published Sept. 7, 1832 as:</subfield><subfield code="a">Democratic volunteer</subfield></datafield><datafield ind1=" " ind2=" " tag="260"><subfield code="a">Montrose, Pa. :</subfield><subfield code="b">Isaac Fuller,</subfield><subfield code="c">1831-1838.</subfield></datafield><datafield ind1=" " ind2=" " tag="300"><subfield code="a">v.</subfield></datafield><datafield ind1=" " ind2=" " tag="310"><subfield code="a">Weekly</subfield></datafield><datafield ind1="0" ind2=" " tag="362"><subfield code="a">Vol. 1, no. 1 (Nov. 4, 1831)-v. 7, no. 52 (Nov. 22, 1838).</subfield></datafield><datafield ind1=" " ind2=" " tag="500"><subfield code="a">Publishers: Asa G. Dimock, &lt;Sept. 7, 1832&gt;; Fuller &amp; Read, &lt;1832-1835&gt;.</subfield></datafield><datafield ind1=" " ind2="0" tag="651"><subfield code="a">Montrose (Susquehanna County, Pa.)</subfield><subfield code="v">Newspapers.</subfield></datafield><datafield ind1=" " ind2="7" tag="655"><subfield code="a">Newspapers.</subfield><subfield code="2">fast</subfield><subfield code="0">(OCoLC)fst01423814</subfield></datafield><datafield ind1=" " ind2="7" tag="651"><subfield code="a">Pennsylvania</subfield><subfield code="z">Montrose (Susquehanna County)</subfield><subfield code="2">fast</subfield><subfield code="0">(OCoLC)fst01319651</subfield></datafield><datafield ind1=" " ind2=" " tag="752"><subfield code="a">United States</subfield><subfield code="b">Pennsylvania</subfield><subfield code="c">Susquehanna</subfield><subfield code="d">Montrose.</subfield></datafield><datafield ind1="0" ind2="0" tag="785"><subfield code="t">Montrose volunteer (Montrose, Pa. : 1838)</subfield><subfield code="w">(DLC)sn 87080507</subfield></datafield></record>